<record><leader>00000cas a22000007a 4500</leader><controlfield tag="001">19586291</controlfield><controlfield tag="008">890424d19681972pauwr ne      0    0eng d</controlfield><datafield ind1=" " ind2=" " tag="010"><subfield code="a">sn 89077829 </subfield></datafield><datafield ind1=" " ind2=" " tag="040"><subfield code="a">NPH</subfield><subfield code="b">eng</subfield><subfield code="c">NPH</subfield><subfield code="d">OCLCQ</subfield></datafield><datafield ind1=" " ind2=" " tag="042"><subfield code="a">msc</subfield></datafield><datafield ind1="0" ind2="4" tag="245"><subfield code="a">The New progress.</subfield></datafield><datafield ind1="3" ind2="0" tag="246"><subfield code="a">Progress</subfield></datafield><datafield ind1=" " ind2=" " tag="260"><subfield code="a">Clairton, Pa. :</subfield><subfield code="b">Spenley Newspapers, Inc.,</subfield><subfield code="c">1968-1972.</subfield></datafield><datafield ind1=" " ind2=" " tag="300"><subfield code="a">v. :</subfield><subfield code="b">ill. ;</subfield><subfield code="c">56 cm.</subfield></datafield><datafield ind1=" " ind2=" " tag="310"><subfield code="a">Weekly</subfield></datafield><datafield ind1="0" ind2=" " tag="362"><subfield code="a">Vol. 66, no. 3 (Jan. 24, 1968)-v. 70, no. 3 (Jan. 12, 1972).</subfield></datafield><datafield ind1=" " ind2=" " tag="500"><subfield code="a">"Clairton, Jefferson, Large, Wilson and Dravosburg."</subfield></datafield><datafield ind1=" " ind2=" " tag="752"><subfield code="a">United States</subfield><subfield code="b">Pennsylvania</subfield><subfield code="c">Allegheny</subfield><subfield code="d">Clairton.</subfield></datafield><datafield ind1="0" ind2="0" tag="780"><subfield code="t">Progress (Clairton, Pa. : 1967)</subfield><subfield code="w">(DLC)sn 89077828</subfield></datafield><datafield ind1="0" ind2="0" tag="785"><subfield code="t">Progress (Clairton, Pa. : 1972)</subfield><subfield code="w">(DLC)sn 89077830</subfield></datafield></record>